<record><leader>00000cas a22000007a 4500</leader><controlfield tag="001">15500967</controlfield><controlfield tag="008">870408d18991901iauwr ne      0    0eng d</controlfield><datafield ind1=" " ind2=" " tag="010"><subfield code="a">sn 87058118 </subfield></datafield><datafield ind1=" " ind2=" " tag="040"><subfield code="a">INP</subfield><subfield code="b">eng</subfield><subfield code="c">INP</subfield><subfield code="d">OCLCQ</subfield></datafield><datafield ind1=" " ind2=" " tag="042"><subfield code="a">msc</subfield></datafield><datafield ind1="0" ind2=" " tag="130"><subfield code="a">Wheatland gazette (Wheatland, Iowa : 1899)</subfield></datafield><datafield ind1="1" ind2="0" tag="245"><subfield code="a">Wheatland gazette.</subfield></datafield><datafield ind1=" " ind2=" " tag="260"><subfield code="a">Wheatland, Clinton County, Iowa :</subfield><subfield code="b">[s.n.],</subfield><subfield code="c">1899-1901.</subfield></datafield><datafield ind1=" " ind2=" " tag="300"><subfield code="a">3 v.</subfield></datafield><datafield ind1=" " ind2=" " tag="310"><subfield code="a">Weekly</subfield></datafield><datafield ind1="0" ind2=" " tag="362"><subfield code="a">Vol. 12, no. 9 (July 5, 1899)-v. 14, no. 17 (Apr. 26, 1901).</subfield></datafield><datafield ind1=" " ind2=" " tag="752"><subfield code="a">United States</subfield><subfield code="b">Iowa</subfield><subfield code="c">Clinton</subfield><subfield code="d">Wheatland.</subfield></datafield><datafield ind1="0" ind2="0" tag="780"><subfield code="t">Buxton's Wheatland gazette (Wheatland, Iowa : 1895)</subfield><subfield code="w">(DLC)sn 87058117</subfield></datafield><datafield ind1="0" ind2="0" tag="785"><subfield code="t">Buxton's Wheatland gazette (Wheatland, Iowa : 1901)</subfield><subfield code="w">(DLC)sn 87058119</subfield></datafield></record>